3298 5366
747 596 917 648 JOHANNIS
935 594 1075 646 WYCLIF
1281 590 1351 637 CAP.
1365 589 1404 634 ΙΧ,

420 759 537 818 nullum
562 773 710 834 punctum
734 759 932 818 intrinsecum
957 773 1028 818 tunc
1052 758 1109 816 fuit
1132 760 1245 829 SorteS,
1275 772 1304 816 et
1332 757 1404 814 resi-

420 851 514 905 duum
539 847 616 906 situs
633 848 752 919 mundi,
768 863 797 906 et
822 849 971 906 maximus
988 848 1062 906 situs
1080 849 1119 905 ad
1136 846 1221 904 cuius
1238 846 1404 922 quemlibet

420 949 566 1010 punctum
592 935 789 993 intrinsecum
813 949 886 992 tunc
909 936 965 992 fuit
988 937 1100 993 Sortes.
1118 938 1155 991 Et
1171 935 1252 991 idem
1268 934 1405 1009 sequitur

420 1025 456 1080 de
484 1022 620 1097 quolibet
656 1023 831 1097 parcialiter
863 1023 986 1093 situato,
1020 1042 1055 1080 eo
1084 1025 1166 1098 quod
1195 1021 1297 1079 totalis
1330 1021 1405 1078 situs

422 1109 528 1165 mundi
574 1109 742 1183 integratur
792 1129 826 1166 ex
872 1112 989 1166 duobus
1036 1109 1145 1167 talibus
1195 1108 1312 1166 sitibus
1368 1110 1428 1164 Ets

420 1209 504 1270 patet
537 1199 619 1271 quod
653 1210 752 1253 motus
784 1196 881 1254 Sortis
912 1196 968 1254 erit
1003 1197 1145 1254 continue
1178 1210 1316 1254 extensus
1351 1213 1405 1270 per

421 1285 554 1340 dandum
580 1283 671 1340 sitnm
696 1283 889 1359 continuum3
922 1298 950 1341 et
978 1283 1021 1341 sic
1044 1303 1141 1359 usque
1165 1286 1203 1340 ad
1226 1283 1307 1340 illius
1330 1282 1404 1339 situs

421 1370 712 1428 circumferenciam.
745 1370 777 1428 Si
810 1390 882 1444 ergo
911 1371 1037 1446 quilibet
1072 1385 1201 1445 punctus
1234 1369 1415 1428 extremalis'

422 1458 592 1515 movebitur
609 1460 732 1531 quando
749 1457 807 1514 erit
830 1458 1010 1530 extremalis,
1036 1471 1065 1515 et
1082 1459 1180 1514 solum
1204 1457 1318 1515 instans
1335 1469 1404 1514 ante

422 1545 478 1601 erit
501 1545 681 1615 extremalis,
704 1558 778 1602 tunc
802 1559 902 1602 motus
926 1545 1212 1604 circumferencialis
1240 1545 1297 1602 erit
1321 1559 1447 1601 com-10

421 1631 537 1706 positus
562 1651 595 1688 ex
620 1631 751 1688 motibus
774 1632 984 1690 instantaneis.
1008 1636 1045 1690 Et
1068 1633 1093 1689 si
1117 1632 1243 1708 quilibet
1275 1644 1404 1707 punctus

421 1718 489 1776 talis
514 1738 577 1776 non
601 1719 771 1776 movebitur
795 1722 918 1794 quando
942 1719 1001 1776 erit
1028 1719 1209 1792 extremalis,
1239 1733 1311 1776 tunc
1335 1737 1406 1776 con-

422 1805 506 1862 tinue
530 1808 567 1864 ad
593 1806 874 1863 circumferentiam
901 1806 981 1865 illius
1004 1797 1079 1864 situs
1111 1807 1169 1864 erit
1200 1827 1262 1864 non
1294 1809 1406 1881 gradus

423 1906 533 1969 motus,
557 1912 591 1950 ex
615 1894 673 1950 hoc
697 1895 780 1968 quod
804 1893 948 1951 continue
972 1896 1011 1951 ad
1035 1908 1200 1952 extremum
1226 1897 1292 1966 Sor,
1323 1894 1406 1969 quod

420 1980 607 2036 velocissime
641 1994 824 2051 moveretur,
858 1980 914 2038 erit
941 2000 1003 2038 non
1037 1985 1148 2056 gradus
1178 1994 1292 2038 motus:
1321 1978 1445 2056 quod15

423 2079 499 2124 esset
517 2067 666 2137 mirabile,
691 2067 762 2142 quia
779 2081 851 2124 tunc
875 2088 938 2126 non
962 2083 1040 2125 esset
1064 2071 1135 2126 dare
1152 2089 1243 2144 quam
1262 2067 1405 2125 velociter

422 2154 532 2210 mobile
556 2153 680 2229 aliquod
710 2169 881 2212 moveretur
912 2175 969 2230 pro
990 2156 1128 2231 quolibet
1151 2155 1276 2213 instanti
1300 2155 1406 2212 intrin-

422 2259 506 2313 seco;
530 2253 682 2310 ettamen,
706 2244 777 2298 dato
801 2255 897 2314 motu,
923 2257 1043 2317 oportet
1066 2245 1139 2301 dare
1163 2243 1404 2317 magnitudinem

422 2327 484 2385 eius
509 2327 640 2400 mobilis,
664 2329 749 2385 sicud
773 2342 802 2384 et
826 2329 1073 2401 diuturnitatem3
1098 2344 1127 2387 et
1143 2350 1197 2405 per
1214 2349 1405 2405 consequens

421 2414 485 2472 eius
509 2414 711 2472 extensionem
737 2435 833 2490 usque
857 2419 895 2472 ad
919 2419 1048 2474 eundem
1066 2419 1231 2475 terminum
1249 2417 1404 2489 inclusive,
1417 2431 1449 2479 2'0

421 2504 460 2559 ad
483 2521 573 2575 quem
598 2501 743 2560 inclusive
766 2501 947 2560 terminatur
972 2505 1035 2561 eius
1062 2504 1195 2580 primum
1224 2505 1403 2562 subiectum.

422 2592 459 2644 Et
491 2589 533 2646 sic
562 2589 681 2646 videtur
708 2593 790 2664 quod
823 2603 886 2647 tam
918 2591 1062 2649 velociter
1095 2591 1275 2649 diminuitur
1304 2604 1405 2648 motus

422 2695 483 2752 quo
507 2678 545 2733 ad
569 2677 691 2744 molem,
716 2676 800 2734 sicud
816 2692 854 2734 .et
877 2678 940 2735 eius
964 2677 1144 2751 subiectum,
1169 2698 1238 2736 cum
1262 2679 1404 2736 continue

422 2762 479 2820 erit
512 2765 628 2838 precise
662 2783 717 2838 par
745 2784 800 2821 suo
828 2765 981 2838 subiecto;
1016 2779 1044 2822 et
1069 2768 1174 2824 eadem
1199 2765 1404 2823 diminucione

422 2850 568 2909 divisione
598 2851 753 2908 minuetur
780 2865 959 2927 utrumque;
987 2854 1040 2910 sed
1068 2853 1235 2911 subiectum
1260 2853 1405 2910 inclusive
1417 2850 1447 2900 25

422 2957 440 2995 a
472 2941 568 3012 gradu
596 2938 815 3012 magnitudinis
843 2957 939 3014 usque
967 2942 1006 2997 ad
1033 2943 1161 3014 gradum
1187 2940 1404 3014 magnitudinis

422 3044 512 3100 quem
541 3025 664 3082 habebit
692 3039 774 3094 tunc,
803 3039 832 3084 et
861 3039 961 3083 motus
989 3041 1163 3085 coextensus
1192 3027 1405 3086 terminabitur

421 3111 569 3171 inclusive
593 3114 632 3169 ad
656 3115 794 3184 eosdem3
827 3114 899 3188 quia
923 3114 1010 3171 aliter
1033 3115 1202 3173 subiectum
1227 3117 1405 3190 deperderet

424 3198 569 3256 maiorem
588 3199 840 3274 magnitudinem,
866 3213 894 3257 et
910 3201 1029 3275 aquiret
1052 3202 1198 3260 maiorem
1225 3202 1404 3277 parvitatem

422 3285 452 3342 in
476 3286 576 3361 equali
600 3301 737 3361 tempore
761 3306 851 3361 quam
881 3288 992 3345 faceret
1025 3309 1095 3346 suus
1129 3303 1237 3347 motus.
1268 3292 1305 3346 Et
1331 3297 1449 3346 tunc30

422 3392 483 3430 non
508 3387 586 3430 esset
610 3375 682 3431 dare
706 3393 797 3448 quam
821 3374 956 3432 velocior
988 3375 1208 3434 diminueretur
1231 3376 1281 3433 ille
1305 3390 1405 3432 motus

422 3462 468 3518 vel
500 3474 647 3534 quantum
677 3460 873 3534 diminuetur,
906 3463 952 3520 vel
980 3477 1127 3537 quantum
1158 3463 1294 3535 durabit3
1328 3462 1406 3520 sicut

422 3566 478 3605 nec
511 3561 553 3605 est
586 3550 658 3606 dare
690 3568 782 3623 quam
812 3568 938 3622 magnus
970 3550 1015 3606 vel
1044 3569 1153 3624 parvus
1177 3551 1233 3608 erit
1256 3549 1404 3608 ultimate.

422 3638 459 3691 Et
492 3654 546 3709 per
574 3635 654 3693 idem
687 3655 748 3694 non
777 3649 853 3692 esset
884 3638 956 3693 dare
979 3650 1125 3711 quantum
1152 3638 1333 3694 extendetur·
1350 3656 1405 3712 pro

422 3721 526 3796 aliquo
543 3721 685 3796 instanti;
710 3742 777 3780 cum
796 3737 898 3780 tamen
915 3736 995 3779 totus
1011 3724 1085 3780 situs
1110 3724 1214 3780 mundi
1238 3724 1406 3799 integratur
1418 3729 1449 3782 35

423 3828 457 3866 ex
489 3809 548 3865 situ
582 3830 635 3886 per
669 3829 759 3884 quem
792 3830 853 3866 non
886 3823 930 3866 est
962 3810 1018 3866 iste
1051 3824 1161 3879 motus,
1194 3831 1322 3887 sequens
1361 3825 1406 3868 est

424 3896 577 3953 residuum
601 3898 677 3955 situs
700 3915 765 3953 esse
790 3897 954 3953 maximum
979 3896 1071 3954 situm
1095 3917 1149 3972 per
1172 3918 1262 3972 quem
1288 3912 1333 3956 est
1349 3899 1406 3954 iste

423 3996 532 4040 motus.
559 3988 596 4041 Et
619 3985 699 4041 idem
724 3997 955 4058 argumentatur
979 3986 1015 4041 de
1038 3985 1149 4041 futuro.

466 4073 502 4127 Et
526 4089 580 4144 per
603 4072 683 4129 idern
707 4071 854 4146 sequitur,
883 4071 984 4145 posito
1008 4074 1090 4145 quod
1113 4075 1148 4138 A,
1172 4071 1249 4147 lapis
1266 4071 1406 4129 albedine

422 4161 603 4216 saturandus
621 4160 718 4216 solum
736 4161 903 4214 secundum
922 4171 1108 4230 contactum,
1134 4172 1292 4216 moveatur
1308 4178 1451 4234 usque4o

423 4246 460 4300 ad
493 4246 583 4302 linem
617 4246 696 4302 illius
730 4246 803 4301 hore
837 4245 1010 4316 extrinsece,
1049 4245 1079 4301 in
1114 4265 1174 4319 quo
1213 4246 1405 4324 anichiletur,

476 4511 506 4540 ro.
521 4506 576 4542 tunc
591 4501 633 4542 crit
649 4499 672 4542 B.
708 4551 713 4557 ι
754 4513 784 4554 17·
804 4501 866 4554 quod
883 4512 930 4554 pro
950 4499 1043 4555 aliquod
1064 4501 1088 4542 B.
1169 4513 1201 4543 22.
1218 4500 1366 4544 divisibiliter
1382 4502 1407 4544 Β.

422 4549 454 4592 25.
475 4551 563 4594 dometr
582 4553 605 4593 b.
687 4554 776 4606 20—27.
792 4565 910 4606 a-quem
928 4552 991 4604 (sicli
1008 4554 1032 4596 B.
1112 4565 1204 4606 4⁰·41·
1221 4553 1269 4595 albo
1289 4555 1334 4596 l'al'
1348 4554 1374 4596 Β.
