3298 5366
219 583 260 642 94
764 575 933 626 JOHANNts
952 575 1093 625 wrcen
1294 569 1362 614 car.
1379 568 1418 612 rx.

229 803 233 810 Ι
255 763 342 803 sensas,
358 763 385 793 or
437 758 491 812 pro
510 758 569 794 uno
586 738 655 794 loco
673 738 775 794 album
793 750 821 794 et
838 756 894 811 pro
911 737 971 794 alio
995 736 1114 810 nigrum
1140 735 1240 806 simul,
1265 747 1298 791 ut
1314 735 1419 790 volunt

216 809 294 859 tunes,
310 816 337 846 or
353 811 630 882 parts'admittentes
665 824 889 882 multitudinem
925 843 1104 898 corpoream
1137 823 1211 880 satis
1244 821 1417 880 admittere:

435 913 478 970 sic
501 912 581 970 idem
607 912 637 967 in
662 931 788 969 numero
813 925 857 968 est
881 911 961 968 idern
992 913 1157 968 secundum
1182 929 1275 968 unam
1300 922 1417 982 partem

435 999 667 1074 quantitativam
686 1000 798 1068 album,
817 1013 845 1056 et
862 999 1028 1056 secundum
1047 997 1136 1054 aliam
1155 1011 1273 1072 partem
1285 996 1416 1070 nigrum.

436 1090 471 1144 Et
495 1087 538 1144 sic
562 1089 599 1143 de
622 1086 779 1144 similibus.
1431 1084 1442 1133 5

245 1185 403 1248 wlyrrnsis
479 1174 571 1232 Racio
595 1187 696 1230 autern
718 1172 911 1230 difficultatis
939 1175 977 1230 ad
1007 1172 1237 1230 assenciendum
1267 1171 1323 1227 iste
1352 1188 1419 1226 sen·

249 1240 392 1335 {2253}ssss
435 1261 532 1318 tencie
556 1274 600 1318 est
617 1260 779 1318 fluctuacio
796 1260 826 1317 in
844 1263 932 1317 rebus
953 1259 1179 1329 communibus,
1204 1272 1233 1316 et
1258 1257 1417 1330 [doctrina]

239 1343 405 1440 Nggncitqfflffsssc
436 1348 556 1405 illorum
574 1348 624 1422 qui
642 1347 739 1405 verbis
762 1361 874 1422 negant
898 1347 1074 1404 communia
1097 1359 1198 1421 preter
1221 1345 1316 1418 signa.
1341 1347 1417 1400 Nam

226 1449 312 1492 Untess
326 1462 373 1505 you
388 1450 418 1492 fix
436 1437 556 1492 Sortem
591 1435 704 1492 moveri
740 1448 792 1492 aut
815 1453 880 1492 esse
913 1435 1014 1492 album
1049 1447 1101 1490 aut
1133 1433 1219 1490 aliter
1253 1433 1417 1488 formatum

224 1505 415 1610 pfe'ffsfffflm
436 1536 479 1579 est
504 1540 666 1579 commune
690 1524 728 1579 ad
753 1540 968 1598 quamcunque
992 1522 1121 1578 formam
1146 1521 1214 1578 talis
1231 1519 1343 1595 speciei
1360 1536 1418 1593 que
1432 1535 1461 1571 ro

231 1613 398 1701 affiffievflmb
436 1608 517 1667 Sorti
545 1629 602 1684 pro
631 1609 734 1684 aliquo
759 1623 897 1684 tempore
922 1607 1063 1669 inexistit.
1091 1609 1170 1678 Ideo,
1204 1607 1358 1681 loquendo
1381 1607 1418 1661 de

293 1665 351 1713 part,
366 1671 412 1714 you

264 1711 379 1806 uiivveerslt
436 1697 534 1754 forma
563 1697 670 1754 ultime
699 1695 926 1771 singularitatis,
962 1707 1083 1769 oportet
1107 1693 1299 1752 contraccius
1322 1692 1418 1768 speci·

254 1822 388 1858 movemenr
437 1784 542 1842 ficare:
567 1797 600 1840 ut
623 1783 679 1840 iste
703 1797 804 1840 morus
828 1781 924 1840 Sortis
949 1795 992 1839 est
1017 1784 1109 1858 ipsum
1134 1783 1249 1839 moveri
1270 1783 1324 1838 isto
1348 1791 1419 1836 tem-

245 1867 402 1963 clggffiqffi
433 1889 508 1946 pore
530 1872 687 1927 secundum
712 1872 793 1927 illam
811 1881 929 1946 portem
954 1869 1130 1946 acquirendo
1155 1870 1239 1925 istam
1265 1868 1417 1924 materiam

258 1972 383 2033 anyorher
437 1969 548 2028 motus;
579 1957 650 2032 quia
679 1959 767 2014 aliter
796 1970 874 2014 esset
902 1957 957 2013 iste
987 1969 1087 2012 motus
1116 1956 1334 2031 multiplicatus
1368 1955 1459 2026 per15

233 2025 411 2120 ,offlssffion
437 2057 545 2116 totum,
580 2045 666 2101 sicud
699 2058 743 2101 est
775 2057 876 2102 motus
909 2042 1090 2100 communis.
1130 2043 1222 2100 Sicud
1255 2062 1325 2117 ergo
1358 2061 1419 2097 non

436 2145 585 2206 repugnat
600 2131 691 2189 istum
708 2133 766 2188 Sor
789 2131 902 2188 moveri
925 2150 999 2188 nunc
1021 2131 1179 2187 secundum
1204 2131 1287 2186 istam
1301 2140 1419 2206 partem

436 2220 613 2294 acquirendo
646 2220 730 2274 istam
757 2219 894 2294 sormam
930 2231 958 2274 et
990 2217 1081 2274 simul
1115 2236 1183 2274 cum
1216 2219 1273 2274 hoc
1307 2217 1420 2272 moveri

436 2325 510 2362 nunc
537 2307 695 2362 secundum
724 2307 812 2362 aliam
836 2315 954 2382 portem
982 2305 1160 2380 acquirendo
1183 2307 1321 2380 formam
1351 2322 1418 2359 ron·

436 2393 561 2449 trariam
591 2405 669 2450 moto
698 2394 844 2468 opposito:
877 2391 919 2448 sic
947 2404 1007 2448 stat
1036 2393 1155 2449 Sortem
1187 2391 1300 2448 moveri
1329 2390 1417 2446 simul
1429 2408 1461 2440 20

436 2493 465 2536 et
488 2480 581 2536 semel
606 2481 737 2537 motibus
761 2478 909 2554 oppositis
932 2498 994 2535 non
1018 2479 1198 2551 commixtis,
1222 2492 1255 2535 ut
1278 2496 1331 2552 per
1348 2496 1419 2534 con-

435 2585 564 2641 sequens
575 2587 636 2624 non
647 2587 678 2624 se
690 2565 915 2641 inpedientibus
929 2566 1260 2624 adenominacionibus
1277 2563 1418 2640 propriis.

230 2653 410 2750 mffiliqssfqiggld
434 2654 529 2711 Aliter
546 2655 624 2711 enim
642 2674 704 2712 non
721 2667 797 2711 esset
814 2653 957 2728 possibile
973 2652 1087 2728 aliquid
1114 2653 1227 2711 moveri
1251 2654 1417 2710 secundum

238 2719 400 2802 bemoiedin
434 2755 568 2816 partern3
602 2744 683 2816 quod
708 2755 751 2800 est
777 2739 1122 2814 contra-philosophum
1155 2747 1185 2796 1⁰
1216 2753 1243 2798 et
1269 2745 1304 2814 50
1329 2738 1418 2814 phisi-

292 2818 349 2866 part.
435 2848 551 2902 corum,
576 2841 604 2886 et
628 2843 735 2886 contra
752 2845 947 2885 communem
965 2841 994 2884 et
1010 2827 1214 2885 venerabilem
1231 2825 1417 2884 sentenciam
1430 2827 1461 2876 25

432 2917 613 2990 logicorum.

219 3004 369 3066 solutiones
380 3005 418 3048 the
476 3003 542 3060 Istis
559 3003 654 3060 tribus
671 3001 837 3077 premissis,
862 3001 972 3058 dicitur
994 3001 1176 3076 generaliter
1193 3002 1274 3075 quod
1292 2999 1418 3075 quilibet

260 3064 375 3170 qqevseqqn
434 3104 534 3148 motus
549 3092 633 3147 velox
650 3103 693 3146 est
717 3089 759 3146 ita
781 3090 867 3145 velox
890 3088 974 3145 sicud
999 3089 1101 3162 aliqua
1126 3088 1190 3144 eius
1214 3107 1294 3162 pars,
1319 3099 1348 3144 et
1364 3105 1418 3160 per

215 3170 422 3268 mqngqeqtsristsas
434 3197 621 3252 consequens
653 3177 813 3234 cuiuslibet
846 3176 916 3232 talis
949 3189 1049 3232 motus
1078 3174 1222 3232 velocitas
1250 3173 1418 3232 attenditur

233 3266 404 3361 swigfggtiqssss,
434 3283 524 3338 penes
542 3278 659 3340 partem
678 3264 740 3321 eius
756 3262 979 3320 velocissimam
1002 3275 1243 3338 mensurantem3
1267 3274 1300 3318 ut
1318 3274 1418 3317 motus
1430 3263 1462 3312 30

237 3371 403 3426 measuredby
434 3351 523 3426 primi
560 3351 680 3409 mobilis
713 3363 756 3408 est
790 3369 865 3424 eque
898 3351 983 3406 velox
1015 3349 1092 3406 sicut
1126 3364 1225 3406 motus
1264 3346 1417 3423 punctalis

214 3424 527 3532 tlrequqiqqqqsofpastis
571 3439 601 3495 in
643 3436 854 3515 equinocciali,
903 3437 972 3494 licet
1016 3439 1293 3511 quomodocunque
1331 3437 1417 3491 tarde

433 3539 591 3582 moveatur
608 3525 710 3600 aliqua
726 3544 796 3599 pars
813 3523 958 3580 eiusdem.
984 3527 1019 3580 Et
1041 3524 1083 3580 ita
1107 3524 1297 3598 generaliter,
1323 3541 1417 3596 quan-

432 3626 621 3688 tumcunque
643 3612 786 3670 velociter
810 3625 948 3667 movetur
972 3611 1074 3686 aliqua
1098 3631 1168 3686 pars
1191 3609 1343 3685 punctalis
1363 3627 1417 3682 per

432 3719 463 3758 se
488 3699 608 3758 mobilis
632 3720 687 3774 pro
711 3716 892 3774 quacunque
916 3711 1003 3772 parte
1027 3699 1183 3773 temporis,
1208 3698 1249 3756 ita
1273 3699 1357 3754 velox
1373 3695 1460 3752 est35

431 3800 513 3844 totus
542 3802 642 3844 motus
681 3787 827 3855 eiusdem,
860 3788 915 3841 etsi
952 3805 1013 3842 non
1047 3788 1211 3842 secundum
1250 3784 1417 3859 quamlibet

286 3891 346 3936 This
432 3874 495 3932 eius
527 3888 659 3949 partem3
700 3889 728 3932 et
760 3886 843 3948 patet
881 3872 965 3946 quod
998 3887 1098 3930 motus
1131 3872 1236 3930 localis
1273 3871 1416 3929 velocitas

241 3947 394 3988 ³¹¹⁸W²s⁵⁰¹⁸
432 3962 600 4020 attenditur
623 3981 715 4036 penes
743 3958 962 4034 longitudinem
988 3960 1062 4017 situs
1087 3960 1203 4017 linealis
1228 3958 1370 4032 descripti
1400 3980 1416 4014 a

233 3999 311 4052 length
328 3998 354 4041 of
366 3998 404 4040 the

215 4051 421 4158 iiiaiiiiiycribii'e
432 4049 568 4124 punctali
598 4068 652 4123 per
680 4067 710 4106 se
740 4047 844 4105 mobili
872 4047 1061 4105 velocissime
1090 4061 1173 4105 moto
1202 4047 1233 4103 in
1257 4064 1416 4120 compara-

285 4155 349 4198 rime.
433 4155 520 4194 etone
545 4138 583 4194 ad
607 4151 727 4210 tempus
753 4151 946 4207 mensurans;
970 4148 999 4192 et
1023 4135 1066 4192 sic
1083 4135 1200 4193 tollitur
1215 4133 1363 4191 instancia
1379 4135 1416 4188 de
1426 4145 1461 4193 40

223 4209 325 4251 Answer
339 4214 362 4249 to
377 4207 415 4250 rbe

219 4259 275 4312 first
286 4266 409 4314 argument

273 4317 362 4355 contra.

484 4449 504 4490 7.
520 4435 626 4479 doctrina
641 4435 703 4478 deest
718 4435 742 4478 B.
811 4447 845 4477 20.
862 4435 875 4478 8
888 4445 934 4487 pro
949 4435 1041 4479 Sortem
1056 4435 1081 4488 (S
1092 4433 1110 4487 ?)
1127 4433 1152 4476 B.
1213 4445 1246 4476 22.
1262 4432 1290 4475 ad
1302 4444 1349 4487 pro
1363 4445 1376 4474 a
1389 4433 1414 4478 B.

431 4520 465 4564 32.
475 4508 599 4565 'seirocciali
614 4522 639 4564 B.
706 4519 742 4575 39.
758 4529 820 4565 more
835 4521 860 4564 B.
