3298 5366
233 600 303 647 CAP·
318 597 358 646 IX·
656 602 797 658 LOGICA.

234 765 362 824 servatis
390 765 454 824 eius
483 765 690 824 accidentibus
724 767 818 842 (quod
851 779 895 823 est
928 763 1125 844 impossibile,
1158 778 1222 822 toto

235 855 337 912 colore
370 847 515 934 servato),
549 867 593 911 est
627 854 700 911 dare
731 854 822 910 situm
846 871 900 928 per
924 871 1014 929 quem
1040 866 1083 910 est
1107 853 1222 910 anichi-

234 941 323 1013 laci0,
348 954 377 998 et
395 960 449 1016 per
473 959 670 1015 consequens,
695 940 746 997 ubi
770 943 796 996 A
820 941 876 998 erit
898 941 1039 998 ultimate
1068 939 1146 996 sicut
1178 953 1223 997 est

121 1023 143 1071 Β
160 1025 225 1074 ¹30¹
236 1030 307 1085 dare
323 1047 420 1104 usque
437 1030 475 1084 ad
492 1047 582 1102 quem
595 1027 687 1084 situm
708 1024 712 1107 l
734 1027 924 1102 pretenditur
940 1028 1025 1084 color
1041 1041 1071 1084 et
1088 1028 1222 1084 defertur

209 1116 375 1174 Saccidens
399 1135 453 1190 per
475 1118 501 1172 A
524 1114 667 1190 lapidem.
693 1119 726 1172 ln
750 1115 809 1171 line
834 1133 906 1189 ergo
931 1115 987 1171 erit
1010 1133 1114 1171 verum
1138 1116 1221 1188 quod

235 1205 261 1258 A
284 1201 321 1259 sit
345 1205 379 1276 B,
404 1216 433 1260 et
456 1221 511 1276 per
535 1221 724 1276 consequens
747 1203 830 1276 quod
854 1201 909 1258 fuit
932 1201 975 1258 ita
999 1203 1082 1277 quod
1100 1215 1144 1259 est
1160 1201 1218 1262 hic.

236 1289 268 1346 Si
292 1308 363 1362 ergo
388 1293 414 1347 A
437 1289 494 1346 erit
511 1291 549 1346 ad
567 1293 600 1359 B,
624 1301 771 1363 punctum
790 1288 1004 1363 extrinsecum,
1028 1302 1100 1346 tunc
1117 1302 1220 1363 tanget

235 1375 346 1450 ipsum,
372 1391 400 1434 et
418 1376 473 1433 erit
492 1375 535 1432 ita
558 1378 641 1450 quod
665 1388 709 1432 est
734 1377 772 1433 ad
793 1375 887 1434 illum.
914 1379 951 1433 Et
967 1377 1058 1432 habet
1074 1376 1219 1448 colorem,

236 1463 260 1519 si
289 1465 325 1520 de
353 1463 522 1538 longinqua
552 1462 722 1520 extensione
751 1463 898 1538 temporis
928 1464 1019 1520 habet
1043 1464 1219 1534 concedere,

194 1550 358 1624 roscilicet,
393 1551 418 1607 si
451 1549 567 1626 aliquid
599 1550 773 1624 aliqualiter
805 1568 836 1606 se
870 1549 975 1606 habuit
1006 1549 1052 1606 vel
1085 1549 1219 1622 habebit,

235 1651 306 1696 tunc
340 1637 365 1695 si
393 1656 425 1694 se
450 1639 551 1699 habet.
584 1640 653 1694 Non
678 1637 758 1694 enim
790 1650 833 1694 est
857 1639 941 1694 color
964 1636 995 1693 in
1020 1636 1078 1693 isto
1101 1637 1220 1710 zophis-

236 1739 329 1782 mate:
358 1726 399 1782 od
422 1726 507 1781 istum
531 1726 687 1781 terminum
712 1725 737 1780 A
760 1735 803 1781 est
826 1737 855 1780 et
877 1725 902 1780 A
926 1743 981 1781 non
1005 1736 1047 1780 est
1070 1725 1110 1780 ad
1132 1724 1218 1781 istum

235 1813 400 1869 terminum.
435 1812 583 1889 Infinitum
610 1812 808 1890 propinquum
838 1823 880 1868 est
907 1812 933 1866 A
957 1811 1022 1866 hinc
1045 1811 1169 1868 termino
1193 1823 1220 1867 et

233 1900 259 1954 A
286 1919 341 1956 non
369 1911 413 1956 est
439 1899 581 1976 infinitum
607 1900 804 1977 propinquum
829 1899 894 1954 hinc
917 1898 1057 1968 termino;
1079 1898 1152 1973 quia
1175 1911 1219 1956 est

196 1987 306 2043 15dare
330 1999 428 2043 totum
453 1987 558 2055 situm,
581 2005 635 2061 per
658 2004 749 2061 quem
775 1988 926 2060 adequate
950 2004 1107 2059 nunquam
1126 1999 1169 2042 est
1181 1988 1217 2058 A,

233 2092 321 2146 quem
347 2073 583 2141 situmfflmotum
609 2087 653 2131 est
677 2089 740 2130 esse
763 2073 963 2129 inmediatum
987 2071 1119 2129 termino
1136 2075 1217 2130 dato.

234 2159 264 2216 Si
288 2180 383 2236 usque
407 2163 446 2218 ad
471 2162 562 2218 istum
587 2160 751 2218 terminum
776 2163 802 2216 A
826 2159 1005 2231 movebitur,
1031 2173 1059 2216 et
1083 2179 1139 2234 pro
1165 2161 1218 2217 illo

234 2245 358 2304 instanti
385 2268 442 2323 pro
469 2269 530 2323 quo
560 2251 584 2304 A
614 2247 705 2304 fuerit
733 2247 765 2303 in
797 2247 928 2304 termino
961 2247 1108 2304 inclusivo
1137 2247 1217 2303 illius

234 2333 317 2410 situs,
351 2336 407 2393 erit
435 2338 461 2392 A
494 2337 531 2393 ad
564 2335 648 2391 illum
688 2333 853 2391 terminum
887 2348 916 2390 et
948 2353 1039 2409 super
1076 2333 1215 2391 ultimam

194 2441 225 2474 20
234 2435 349 2495 partem
374 2423 673 2498 proporcionabilem
697 2421 778 2478 illius
806 2421 890 2478 situs

276 2511 337 2566 Nec
365 2529 471 2567 vereor
499 2511 573 2567 dare
601 2509 741 2566 ultimam
770 2523 885 2582 partem
917 2508 1215 2583 proporcionabilem

234 2595 360 2653 alicuius
377 2597 529 2669 continui3
553 2597 626 2671 quia
649 2615 666 2652 a
683 2597 801 2670 signato
817 2599 852 2666 A,
878 2615 1006 2670 corpore
1023 2596 1216 2670 columpnari

234 2683 378 2756 possibili,
395 2684 555 2741 uniformis
572 2683 725 2758 grossiciei
736 2697 768 2739 ut
779 2683 910 2757 virgulto
923 2684 1216 2757 correspondentali,

234 2769 394 2828 dividendo
427 2771 501 2828 illud
534 2772 565 2828 in
599 2790 667 2828 suas
700 2785 801 2844 partes
835 2769 1117 2844 proporcionabiles
1146 2789 1215 2844 geo·

193 2857 375 2915 aimetricas
400 2859 542 2932 minores,
566 2877 668 2916 versus
685 2861 708 2914 Β
726 2858 937 2915 extrinsecum.
963 2858 1003 2914 Ut
1027 2856 1114 2932 capio
1139 2859 1215 2914 duas

233 2943 327 3002 lineas
363 2945 516 3019 girativas,
560 2945 739 3020 incipientes
771 2945 802 3002 in
838 2943 977 3001 extremis
1010 2943 1159 3018 dyametri
1192 2946 1215 3001 C

232 3029 347 3105 relique
363 3032 453 3106 basiS,
470 3046 498 3090 et
519 3032 733 3106 circumgirent
750 3031 917 3106 quamlibet
933 3031 1059 3088 istarum
1078 3031 1213 3106 parcium

233 3119 544 3192 proporcionabilium
569 3139 673 3177 versus
691 3123 713 3176 Β
730 3133 897 3176 extremum
921 3119 1065 3176 continue
1089 3119 1214 3194 propius

231 3204 289 3262 sibi
312 3205 395 3281 ipsis
424 3226 519 3281 usque
543 3208 581 3263 ad
607 3211 629 3264 Β
653 3206 762 3278 basim,
791 3220 819 3264 et
843 3206 929 3280 signo
953 3206 1098 3263 corticem
1123 3206 1214 3262 inter-

191 3299 221 3348 30
231 3305 350 3366 ceptam
374 3293 453 3350 inter
476 3293 542 3350 illas
567 3295 643 3351 duas
666 3293 762 3350 lineas
786 3311 840 3367 per
864 3297 904 3350 D:
929 3306 1001 3350 tunc
1025 3287 1107 3367 patet
1131 3296 1213 3368 quod

231 3381 303 3435 deus
323 3394 423 3455 potest
445 3399 641 3454 corrumpere
665 3399 756 3438 omne
780 3399 890 3454 corpus
913 3379 945 3436 in
968 3380 1027 3438 ista
1051 3382 1214 3455 columpna

231 3481 329 3540 preter
345 3471 370 3523 D
387 3469 433 3525 vel
449 3481 567 3543 partem
586 3467 659 3526 eius.
684 3471 750 3525 Stat
768 3468 847 3525 enim
864 3469 948 3542 quod
965 3471 990 3524 D
1008 3467 1046 3524 sit
1069 3487 1212 3542 magnum

231 3572 340 3628 corpus
372 3568 406 3612 ut
438 3561 474 3631 4a
499 3555 544 3612 vel
578 3561 611 3630 5ει
635 3555 733 3612 tocius
765 3557 800 3611 A.
836 3557 907 3611 ldeo
936 3573 1026 3612 nemo
1050 3555 1102 3629 qui
1127 3555 1214 3629 ponit

231 3642 319 3698 deum
355 3661 445 3717 posse
473 3656 518 3700 tot
547 3642 700 3698 mirabilia
728 3643 826 3698 facere
850 3641 972 3715 negabit
1001 3641 1101 3716 ipsum
1125 3661 1212 3716 posse

190 3731 371 3802 35separare
403 3733 481 3786 Det
509 3748 623 3804 ponere
647 3749 700 3804 per
724 3748 769 3800 se;
803 3749 864 3804 quo
888 3730 977 3799 facto,
1009 3729 1104 3785 eciam
1130 3749 1213 3804 pono

230 3819 310 3889 quod
327 3819 351 3872 E
374 3816 474 3874 veniat
492 3836 525 3874 ex
541 3819 678 3884 adverso,
702 3817 893 3874 condensans
910 3816 955 3874 vel
972 3816 1095 3873 flectens
1112 3829 1212 3890 partes

230 3902 404 3975 graciliores
421 3907 446 3960 D
463 3923 565 3962 versus
589 3918 755 3961 extremum
780 3923 867 3960 suum
892 3903 995 3960 lacius.
1020 3905 1106 3960 Tunc
1130 3917 1212 3977 patet

230 3992 310 4064 quod
343 4005 387 4047 est
420 3993 492 4047 dare
525 3991 641 4048 instans
673 3992 704 4046 in
736 4010 797 4065 quo
832 3992 855 4047 C
888 3990 985 4064 tangit
1018 3993 1053 4063 D,
1088 3990 1119 4046 in
1151 4009 1211 4065 quo

228 4091 349 4151 oportet
373 4079 454 4152 quod
478 4091 581 4152 tanget
607 4091 772 4134 extremum
802 4077 915 4151 gracile
943 4078 1023 4134 illius
1052 4081 1077 4132 D
1106 4091 1135 4134 et
1158 4097 1212 4152 per

187 4183 219 4230 40
230 4172 416 4240 consequens
429 4178 472 4222 est
489 4167 561 4223 dare
579 4165 783 4221 communiter
800 4179 1071 4240 quantumcunque
1088 4167 1209 4238 longam

228 4253 273 4308 vel
298 4255 417 4309 brevem
448 4266 563 4327 partem
593 4252 826 4317 determinatam
857 4255 895 4308 ad
926 4253 1002 4308 illud
1031 4264 1209 4312 extremum.

280 4507 301 4550 b.
317 4506 339 4548 lr'
354 4507 379 4549 B.
434 4507 605 4550 8.caloremB.
661 4486 847 4561 olongiiudess.
902 4504 1210 4561 23.v'g⁰B;ib.cor¹¹¹¹B.

228 4555 259 4601 35.
274 4570 342 4613 cpro
356 4559 430 4601 eciam
445 4559 469 4602 B.
