3298 5366
227 603 296 650 CAP·
310 603 351 650 IX·
562 609 564 618 ⁴
649 607 790 663 LOGICA.
1391 596 1431 674 89

226 770 452 830 indivisibiliter
468 771 603 830 velocius
627 771 711 829 moti.
733 773 777 844 3⁰,
795 771 867 847 quia
890 770 950 829 tale
968 770 1231 844 circumductum,
1278 781 1306 836 (3)
1319 783 1342 844 rr
1355 781 1376 826 is

227 879 289 917 non
313 873 452 918 movetur
476 859 607 917 velocius
631 879 722 934 quam
749 858 859 934 aliquis
883 859 947 916 eius
972 872 1117 933 punctus;
1142 857 1214 932 quia
1225 836 1428 944 rqppppybtceopppt

228 961 300 1004 tunc
313 961 486 1005 moveretur
497 947 640 1005 velociori
653 948 749 1021 gradu
769 959 882 1017 motus3
900 960 929 1003 et
945 964 999 1021 per
1016 963 1213 1020 consequens,
1230 942 1428 1036 thirivairfaiieits

228 1053 296 1092 cum
332 1037 443 1110 gradus
478 1034 534 1092 iste
569 1034 607 1092 sit
640 1035 768 1104 dandus,
803 1046 880 1091 esset
913 1035 986 1090 dare
1019 1033 1093 1089 illud
1132 1033 1215 1107 quod
1247 1057 1300 1088 own
1314 1005 1407 1106 pintan

202 1121 330 1197 Sprimo
369 1135 507 1179 movetur
539 1121 591 1178 illo
624 1122 730 1194 gradu.
766 1120 851 1178 Sicut
875 1139 947 1195 ergo
979 1139 1041 1176 non
1074 1132 1118 1177 est
1142 1120 1215 1176 dare
1234 1098 1425 1205 jmssiffiffih,

228 1208 345 1284 precise
363 1229 455 1284 quam
472 1208 615 1267 velociter
632 1207 777 1283 precipue
789 1221 927 1264 movetur
951 1207 1061 1282 aliquis
1085 1220 1215 1282 punctus
1235 1214 1341 1298 ᾞξῗέἓίῐϊθ
1355 1204 1382 1298 <fg
1394 1203 1424 1298 ξε

228 1296 271 1352 sic
304 1296 391 1366 moti,
424 1296 466 1353 ita
499 1313 555 1353 nec
579 1309 622 1353 est
647 1297 719 1352 dare
743 1307 890 1370 quantum
915 1294 1048 1351 velocior
1072 1293 1216 1369 precipue
1232 1309 1278 1351 line
1292 1268 1384 1351 ouriide
1398 1309 1425 1353 it.

230 1397 366 1440 movetur
389 1396 487 1440 totum
513 1382 635 1440 mobile.
660 1385 698 1438 Et
715 1395 824 1457 quarto
841 1395 934 1456 patet,
953 1383 1024 1457 quia
1039 1381 1216 1455 ymaginato

229 1473 311 1545 quod
334 1473 391 1528 Sor
415 1471 641 1528 circumductus
663 1469 854 1545 derelinquat
881 1477 949 1543 post
973 1487 1014 1540 se,
1039 1487 1094 1543 per
1117 1481 1215 1525 totum

187 1557 259 1614 roin
282 1576 343 1632 quo
366 1557 455 1614 fuerit
479 1557 581 1632 aliqua
610 1576 680 1631 pars
709 1557 771 1613 eius
797 1555 980 1630 [caliditatis,
1010 1555 1119 1629 ipsam]
1146 1554 1217 1612 cali-

230 1643 356 1702 ditatem
391 1645 438 1702 vel
466 1643 548 1702 aliud
569 1643 719 1701 accidens
749 1646 962 1718 quodcunque,
996 1655 1025 1699 et
1049 1661 1110 1698 non
1135 1655 1217 1699 extra

230 1731 313 1787 illum
338 1731 441 1808 situm,
466 1745 549 1805 patet
579 1733 661 1806 quod
695 1732 847 1806 completa
881 1729 1149 1787 circumduccione
1173 1742 1218 1785 est

230 1820 301 1875 dare
324 1819 419 1876 totale
444 1817 584 1875 accidens
608 1817 797 1890 derelictum,
822 1831 851 1874 et
882 1836 935 1892 per
959 1835 1149 1891 consequens
1173 1828 1217 1871 est

231 1906 302 1962 dare
335 1905 399 1962 eius
433 1905 691 1972 circumferentia,
726 1924 794 1962 cum
829 1905 926 1961 solum
961 1904 1045 1960 finite
1068 1902 1218 1959 situaliter

190 1992 409 2048 15extenditur.
451 1995 553 2062 Quero
584 1992 677 2066 igitur
715 2006 815 2049 utrum
856 1989 1105 2048 circumferencia
1148 1988 1217 2046 talis

231 2078 396 2136 accidentis
424 2079 462 2135 sit
496 2078 594 2136 maior
627 2098 719 2154 quam
753 2079 921 2152 triangulus
954 2078 1123 2152 descriptus
1152 2079 1216 2133 aB

231 2179 344 2239 puncto
377 2165 611 2236 (indivisibiliter
649 2165 782 2223 velocius
817 2179 902 2222 moto
936 2165 1091 2239 continue)
1124 2182 1215 2239 quam

231 2253 339 2328 aliquis
363 2266 494 2328 punctus
518 2253 549 2310 in
573 2253 709 2325 instanti,
725 2253 772 2310 vel
796 2252 905 2322 minor,
930 2253 976 2310 vel
1001 2251 1216 2327 equalisiNon

232 2340 354 2397 dubium
381 2344 462 2415 quod
486 2340 633 2417 sequitur,
663 2361 719 2415 pro
743 2338 879 2415 quolibet
903 2339 1028 2397 instanti
1052 2338 1217 2395 intrinseco

189 2445 221 2480 20
232 2440 342 2505 motus,
371 2427 503 2502 aliquem
527 2440 673 2502 punctum
699 2426 796 2485 Sortis
818 2427 952 2484 velocius
986 2425 1101 2483 moveri
1125 2443 1216 2500 quarn

231 2517 254 2572 B
277 2514 471 2572 uniformiter
494 2529 621 2572 motum.
639 2517 697 2572 Sed
724 2514 818 2571 miror
841 2533 935 2588 quare
959 2533 1020 2571 non
1044 2512 1100 2570 erit
1117 2526 1218 2570 motus

232 2604 360 2659 Btante
392 2601 535 2673 velocior,
570 2621 660 2677 quam
692 2601 823 2658 circulus
847 2601 1015 2676 descriptus
1040 2604 1137 2658 abeo
1162 2599 1218 2656 erit

233 2688 347 2746 maior?
376 2693 413 2745 Et
447 2708 514 2746 cum
549 2689 745 2746 uniformiter
774 2689 954 2760 movebitur,
992 2689 1078 2745 sicud
1116 2701 1144 2744 et
1183 2690 1217 2758 B,

232 2790 266 2834 ut
297 2795 447 2850 suppono,
481 2777 618 2851 sequitur
653 2795 722 2833 cum
756 2775 864 2833 dandis
897 2777 979 2851 quod
1011 2775 1043 2832 in
1082 2773 1218 2848 qualibet

191 2866 221 2915 25
233 2877 319 2937 parte
343 2862 411 2920 talis
428 2863 585 2938 temporis,
603 2866 626 2919 B
644 2865 800 2921 excederet
817 2866 937 2920 Sortem
954 2881 1008 2937 per
1024 2861 1217 2918 indivisibile.
1256 2917 1258 2922 ,

233 2953 313 3022 Ergo
337 2969 398 3007 non
425 2951 523 3007 solum
557 2949 779 3008 indivisibiliter
813 2963 950 3007 movetur
983 2947 1162 3006 Bvelocius
1187 2951 1216 3004 S.

232 3040 269 3092 Et
294 3036 342 3093 hic
365 3037 484 3094 videtur
509 3040 601 3113 quod,
619 3037 828 3094 circumducta
853 3057 870 3094 a
894 3037 1014 3094 Blinea
1030 3039 1064 3108 A,
1083 3049 1217 3092 extremo

234 3125 376 3181 continue
400 3125 583 3199 quiescente,
600 3138 739 3182 causarer
762 3143 815 3198 per
840 3127 863 3180 B
887 3137 1004 3181 motum
1026 3123 1216 3193 circularem,

233 3210 310 3268 sicut
334 3211 518 3269 describeret
534 3211 626 3286 situm
643 3212 842 3283 circularem;
859 3225 887 3268 et
904 3225 1008 3269 amoto
1025 3211 1088 3268 eius
1104 3222 1218 3283 puncto

191 3299 388 3356 30extremali
421 3298 485 3356 sine
518 3299 608 3373 pluri,
642 3299 672 3356 in
706 3305 740 3357 2a
773 3298 836 3355 eius
869 3297 1136 3355 circumduccione
1169 3298 1219 3352 de-

234 3386 377 3443 scriberet
402 3386 547 3443 circulum
573 3386 773 3443 inmediatum
800 3384 909 3459 priori:
942 3399 972 3442 et
995 3385 1125 3442 sicsine
1149 3383 1217 3439 line.

234 3477 271 3529 Et
299 3473 342 3530 sic
374 3487 609 3548 componeretur
645 3474 776 3531 circulus
810 3491 843 3529 ex
883 3471 1141 3530 circumferenciis
1173 3470 1218 3526 in-

235 3559 383 3618 mediatis.
419 3564 481 3617 Nec
514 3573 558 3617 est
587 3560 712 3617 dubium
737 3559 811 3635 quin
836 3574 880 3616 est
904 3563 977 3617 dare
1009 3561 1103 3616 totale
1127 3557 1217 3614 situm

235 3667 288 3721 per
312 3665 401 3722 quem
433 3650 489 3704 Sor
516 3647 571 3704 fuit
598 3667 655 3722 pro
684 3661 822 3721 tempore
851 3666 904 3704 sue
932 3644 1217 3704 circumductionis,

125 3730 219 3800 3¹29¹³
236 3737 271 3790 Et
294 3735 336 3792 sic
360 3736 397 3791 de
421 3737 447 3790 A
470 3749 499 3790 et
522 3739 545 3792 B
569 3734 658 3805 linea,
692 3753 875 3809 quocunque
907 3747 992 3809 parte
1021 3733 1136 3802 mundi,
1158 3728 1162 3812 l
1184 3751 1219 3788 eo

235 3824 316 3896 quod
349 3835 394 3878 est
426 3824 498 3878 dare
528 3821 692 3879 maximum
725 3822 816 3878 situm
851 3822 882 3876 in
912 3824 1038 3900 mundo,
1070 3822 1109 3878 ad
1134 3821 1219 3876 cuius

287 4105 318 4138 ιο.
334 4093 459 4138 caliditatis
473 4094 549 4150 ipsam
564 4093 626 4138 deest
641 4095 666 4137 B.
734 4093 768 4137 30.
787 4079 833 4148 plur
850 4093 875 4136 B.

285 4201 309 4252 8.
329 4204 366 4252 Er
384 4210 497 4268 quartos
517 4203 556 4253 Of
570 4202 615 4252 the
633 4203 721 4252 whole
745 4202 776 4251 of
791 4202 843 4251 this
867 4200 1012 4266 paragraph
1036 4201 1086 4250 and
1106 4200 1150 4250 the
1168 4199 1219 4250 fol-

236 4272 333 4336 lowing
352 4287 427 4333 ones,
454 4275 462 4320 l
482 4273 550 4322 have
569 4273 635 4322 been
654 4273 713 4322 able
740 4283 767 4321 to
786 4273 946 4322 understand
970 4271 1081 4335 nothing
1103 4271 1220 4319 relevant

236 4352 263 4389 to
282 4341 325 4392 the
344 4345 467 4406 question
480 4344 626 4392 discussed.
645 4343 761 4392 Readers
780 4342 876 4390 should
896 4342 959 4390 bear
977 4342 1002 4389 in
1023 4341 1094 4388 mind
1108 4340 1164 4388 that
1176 4339 1219 4387 the

237 4412 289 4460 MS.
309 4414 330 4460 is
349 4413 456 4476 unique,
476 4411 620 4478 frightfully
640 4412 763 4476 illegible,
783 4411 924 4477 especially
943 4412 968 4459 in
988 4410 1039 4458 this
1058 4415 1123 4474 part,
1142 4408 1219 4457 with-

238 4490 284 4529 out
306 4498 356 4548 any
384 4483 543 4530 corrections
567 4481 635 4531 from
654 4482 716 4531 here
734 4488 762 4530 to
776 4480 820 4530 the
840 4481 898 4541 end,
920 4481 971 4528 and
986 4480 1093 4544 bearing
1112 4494 1184 4542 upon
1204 4493 1219 4525 a

237 4551 336 4614 subject
354 4551 440 4600 which
460 4553 481 4600 is
500 4551 572 4600 itself
587 4551 754 4616 particularly
772 4550 836 4598 hard
856 4561 884 4598 to
903 4549 1073 4599 understand.
