3298 5366
238 551 305 596 CAP.
319 553 358 598 tx.
657 560 798 611 Lootca.

237 719 395 778 continens
418 733 464 778 tot
488 735 601 796 puncta
624 735 700 816 qupt
723 735 793 780 sunt
816 722 896 780 illius
920 723 1008 794 linee,
1034 723 1222 782 constituunt

236 807 427 882 superficiem
453 811 634 884 quadratam
658 811 813 884 pedalem3
830 824 858 867 et
882 810 1039 868 continens
1056 823 1101 868 tot
1117 830 1221 886 super-

236 894 330 966 ficies
355 895 544 954 constituunt
567 899 677 953 cubum
707 898 858 971 pedalem.

279 986 320 1040 Ex
352 1003 413 1058 quo
445 984 535 1058 plane
567 985 704 1060 sequitur
736 985 819 1060 quod
850 1003 912 1042 non
943 983 1043 1042 omnis
1068 985 1221 1060 quantitas
1269 996 1400 1060 Noteuery

211 1069 341 1127 5cubica
364 1071 411 1128 vel
434 1071 634 1146 superficialis
659 1085 777 1129 constat
800 1091 834 1128 ex
857 1071 978 1146 punctis
1003 1071 1141 1148 paribus3
1165 1091 1221 1130 nec
1240 1057 1426 1147 whiiiieiniibtc

234 1157 333 1214 omnis
368 1176 402 1214 ex
434 1157 611 1233 imparibus.
640 1159 726 1216 Patet
757 1159 856 1234 prima
888 1179 958 1234 pars
992 1179 1026 1216 ex
1056 1161 1113 1216 hoc
1137 1163 1220 1235 quod
1270 1167 1403 1216 opsquare,

234 1244 332 1302 omnis
365 1264 510 1302 numerus
546 1244 703 1304 circularis
736 1246 821 1304 cuius
854 1246 1010 1321 quinarius
1047 1259 1091 1304 est
1121 1266 1219 1322 prima
1245 1209 1429 1303 qqndsqqsoqfaqn

235 1331 318 1388 radix
342 1346 386 1389 est
409 1331 517 1407 impar,
552 1345 586 1390 ut
609 1346 693 1407 patet
716 1352 750 1390 ex
772 1347 882 1392 natura
906 1334 1026 1391 numeri
1050 1334 1214 1392 circularis.
1230 1313 1441 1418 evenpqpqpsuerof

232 1421 342 1476 Ymmo
366 1419 492 1494 quilibet
515 1439 659 1477 numerus
683 1422 850 1496 quadratus
874 1421 993 1478 videtur
1022 1440 1086 1478 esse
1110 1421 1219 1496 impar,

193 1518 262 1562 10et
294 1526 347 1581 per
381 1525 569 1583 consequens
602 1527 671 1564 curn
700 1507 850 1583 quotlibet
888 1507 1062 1565 huiusmodi
1100 1508 1220 1566 numeri

233 1592 292 1650 sint
315 1594 456 1668 quadrati
481 1607 509 1652 et
533 1594 642 1666 cubici,
667 1608 750 1670 patet
774 1595 923 1670 quotlibet
958 1595 1131 1652 huiusmodi
1156 1614 1220 1652 esse
1300 1627 1303 1634 ,

233 1681 417 1755 quantitates
441 1700 475 1738 ex
499 1682 618 1756 punctis
641 1682 810 1758 imparibus
834 1683 1024 1740 constitutas
1041 1686 1078 1739 Et
1096 1689 1128 1741 2³
1149 1702 1219 1758 pars

233 1781 316 1842 patet
340 1770 377 1826 de
401 1769 550 1844 quotlibet
567 1769 634 1827 aliis
649 1769 785 1826 numeris
801 1769 968 1845 quadratis,
986 1789 1116 1845 quorum
1133 1770 1218 1826 radix

233 1869 276 1913 est
299 1875 355 1931 par
377 1875 530 1914 numerus

193 1940 220 1990 ι5
276 1950 311 2000 2⁰
335 1956 420 2018 patet
444 1945 526 2020 quod
549 1963 612 2000 non
636 1962 828 2020 quecumque
862 1943 1025 2019 proporcio
1059 1943 1217 2018 signabilis
1257 1951 1308 1996 Nor
1322 1965 1360 1996 are
1375 1955 1419 2016 au·

232 2044 275 2088 est
308 2031 450 2106 quadrati
484 2032 522 2088 ad
551 2033 744 2106 quadratum,
779 2044 808 2088 et
832 2031 874 2088 ita
898 2033 934 2088 de
959 2030 1025 2088 aliis
1057 2031 1216 2105 speciebus
1228 2007 1435 2112 squpqqnqirtigpbrc

231 2117 407 2192 figurarum.
441 2119 537 2195 Patet,
572 2136 605 2175 ex
637 2120 695 2175 hoc
728 2121 810 2194 quod
835 2118 1054 2195 qualiscunque
1080 2131 1123 2175 est
1147 2138 1216 2194 pro·
1252 2121 1401 2153 commensu-

1253 2163 1323 2213 table,
1338 2163 1401 2206 since

229 2204 334 2279 porcio
358 2206 453 2279 ligure
470 2207 508 2262 ad
525 2205 665 2280 figuram,
687 2205 755 2263 talis
781 2217 824 2263 est
847 2205 965 2262 numeri
982 2207 1020 2262 ad
1038 2225 1215 2279 numerum;
1253 2215 1365 2274 numbers
1380 2217 1408 2258 of

230 2293 281 2348 sed
320 2311 381 2350 non
418 2293 639 2368 qualiscunque
678 2293 841 2368 proporcio
874 2293 1029 2367 signabilis
1063 2306 1106 2349 est
1139 2293 1216 2350 inter
1234 2273 1431 2375 sse2¹e¹¹stssass¹jss23t3

188 2390 324 2436 20unum
349 2398 508 2436 numerum
533 2381 715 2455 quadratum
742 2393 769 2438 et
793 2379 959 2455 reliquum:
977 2398 1049 2454 ergo
1065 2399 1122 2436 nec
1138 2378 1216 2437 inter
1239 2441 1293 2482 mus
1307 2439 1324 2482 ir
1338 2440 1358 2484 is
1373 2449 1414 2484 not

231 2485 322 2522 unam
355 2467 557 2542 quantitatem
588 2467 763 2525 continuam
797 2471 978 2543 quadratam
1003 2480 1032 2524 et
1055 2466 1312 2548 reliquamqways
1328 2494 1432 2547 possible

231 2557 273 2610 Ex
296 2573 356 2628 quo
380 2567 463 2628 patet
487 2555 570 2629 quod
593 2574 648 2612 nec
672 2574 781 2630 corpus
804 2573 859 2612 nec
881 2555 1057 2630 superficies
1074 2553 1215 2629 quadrati
1239 2545 1419 2640 ‘Qffilffim

231 2653 330 2715 potest
354 2641 487 2716 quelibet
511 2642 615 2716 augeri
638 2643 684 2699 vel
709 2640 865 2713 minorari,
898 2644 1047 2700 servando
1071 2641 1215 2699 continue
1247 2649 1314 2703 given
1330 2662 1422 2710 square,

1279 2701 1378 2758 keepmg

232 2731 460 2803 quadraturam.
1272 2754 1310 2796 the
1325 2767 1390 2798 same

189 2833 220 2881 25
275 2822 311 2892 3⁰
340 2828 423 2890 Patet
452 2817 534 2892 quod
562 2815 738 2890 ambiguum
767 2829 812 2872 est
845 2815 1025 2891 philosopho
1058 2815 1083 2872 si
1116 2809 1429 2914 omnissqffiafsgoqggler

232 2901 361 2960 circulus
390 2901 429 2960 sit
461 2903 657 2978 quadrabilis,
692 2916 719 2960 et
744 2916 883 2980 econtra:
911 2922 1014 2977 ymmo
1038 2903 1062 2958 si
1087 2901 1214 2960 alicuius
1240 2911 1293 2954 Itis
1309 2912 1413 2956 doubtful

232 2989 335 3046 circuli
352 2991 540 3066 quadratura
556 2991 593 3048 sit
609 2990 731 3048 scibilis·
743 2993 830 3062 Nam,
841 2990 865 3046 si
876 3004 997 3065 oportet
1009 3008 1131 3046 omnem
1150 3009 1216 3064 per·
1236 2964 1423 3060 qprecthegaqvqrey

232 3077 343 3134 fectum
378 3077 525 3134 circulum
560 3091 699 3135 constare
732 3095 766 3134 ex
799 3079 920 3152 punctis
944 3077 1058 3152 pariter
1082 3077 1215 3151 paribus,
1247 3069 1415 3164 fflffiggfflgl

232 3163 313 3222 iuxta
337 3165 508 3222 evidencias
544 3183 635 3240 supra
668 3165 772 3235 dictas,
806 3166 852 3221 vel
876 3183 968 3239 supra
992 3177 1099 3236 tactaS,
1132 3176 1216 3238 patet
1240 3174 1381 3234 quadratum
1396 3174 1423 3216 of

189 3253 221 3303 30
231 3254 313 3327 quod
325 3265 368 3309 est
384 3251 570 3328 impossibile
587 3252 719 3328 aliquem
731 3252 876 3308 circulum
889 3255 1042 3326 adequare
1056 3252 1216 3326 quadrato,
1235 3227 1420 3321 anqecrsroclllqdcun

232 3339 316 3396 cuius
339 3340 424 3397 radix
448 3354 491 3396 est
519 3339 636 3414 primus
670 3357 814 3396 numerus
847 3338 1017 3396 circularis:
1052 3352 1080 3396 et
1113 3338 1156 3394 sic
1180 3340 1217 3395 de

231 3426 379 3501 quotlibet
411 3427 478 3484 aliis
511 3445 569 3502 que
601 3446 663 3484 non
696 3438 837 3482 constant
869 3445 903 3482 ex
934 3426 1069 3483 numeris
1103 3426 1217 3500 pariter

204 3514 364 3588 ‘paribus
396 3517 507 3572 Ymmo
540 3527 623 3589 patet
654 3513 822 3570 intendenti
847 3515 929 3588 quod
962 3514 1013 3571 illo
1047 3512 1215 3587 supposito,

231 3603 328 3658 solum
363 3601 515 3676 quantitas
548 3603 698 3676 quadrata
732 3601 817 3657 cuius
852 3601 935 3657 radix
969 3614 1012 3657 est
1050 3603 1216 3675 quadratus

189 3689 307 3746 35foret
330 3689 444 3745 circulo
468 3690 656 3764 coequanda.
691 3688 722 3745 Si
746 3702 845 3744 autem
871 3707 904 3744 ex
928 3688 1063 3762 quolibet
1086 3706 1215 3744 numero

230 3777 296 3850 pari
320 3789 502 3850 punctorum
528 3777 608 3833 ultra
630 3793 675 3845 10,
694 3788 812 3832 constat
829 3775 943 3850 pariter
959 3779 1053 3832 cubus
1071 3787 1100 3831 et
1116 3775 1214 3831 solum

232 3881 265 3919 ex
287 3863 351 3934 tali,
391 3865 490 3920 adhuc
519 3876 601 3938 patet
626 3864 699 3919 illud
723 3865 760 3919 de
792 3862 928 3936 quolibet
961 3866 1110 3936 quadrato
1144 3882 1215 3918 con-

231 3940 328 4007 stante
352 3969 385 4007 ex
411 3969 539 4007 numero
563 3950 621 4025 ipsi
645 3950 796 4006 circulari.
826 3953 863 4006 Et
887 3969 920 4006 ex
944 3949 1001 4007 isto
1025 3963 1109 4025 patet
1132 3939 1431 4045 quodltfffioffieassls

231 4051 445 4112 argumentum
472 4037 601 4094 buffonis
625 4056 686 4095 non
709 4037 846 4113 sequitur
870 4057 903 4093 ex
927 4037 1034 4094 dubio:
1059 4037 1215 4112 cuicunque
1234 4043 1254 4137 ig
1265 4045 1418 4150 {alchgqoqnp

283 4376 298 4406 ι.
314 4372 363 4406 cot·
373 4375 420 4418 pro
435 4363 565 4406 continente
580 4363 605 4405 B.
673 4375 692 4404 2.
708 4362 790 4404 couflss.
858 4385 878 4426 7,
897 4361 1011 4404 c'curuss.
1079 4361 1099 4404 8.
1115 4361 1176 4403 c’cur
1188 4361 1214 4404 Β.

232 4448 349 4520 auier.
404 4467 433 4512 31.
446 4469 519 4524 p’9B.
573 4466 610 4510 36.
626 4445 662 4521 iit
694 4468 745 4520 culq
762 4467 786 4509 B.
842 4465 944 4537 ΨΒ.
995 4465 1031 4520 39.
1049 4464 1171 4508 brissonis?
1188 4466 1213 4508 B.
